@incollection{protegevowl,
  title={{The Prot{\'e}g{\'e}VOWL plugin: Ontology visualization for everyone}},
  author={Lohmann, Steffen and Negru, Stefan and Bold, David},
  booktitle={The Semantic Web: ESWC 2014 Satellite Events},
  pages={395--400},
  year={2014},
  publisher={Springer}
}

@BOOK{Heath_Bizer_2011,
  title = {{Linked Data: Evolving the Web into a Global Data Space: Theory and
	Technology}},
  publisher = {Morgan \& Claypool Publishers},
  year = {2011},
  author = {Heath, Tom and Bizer, Christian},
  volume = {1},
  pages = {136},
  journal = {Topology}
  
}

@misc{pybernard12,
  author = {Pierre-Yves Vandenbussche and Bernard Vatant},
  title = {{Metadata Recommendations For Linked Open Vocabularies}},
  howpublished = {OKFN},
  year = {2012},
  note = {\url{http://lov.okfn.org/dataset/lov/Recommendations_Vocabulary_Design.pdf}}
}

@misc{hyland14,
  author = {Bernadette Hyland and Ghislain Atemezing and Boris Villazon-Terrazas},
  title = {{Best Practices for Publishing Linked Data}},
  howpublished = {W3C Working Group Note},
  year = {2014},
  note = {\url{http://www.w3.org/TR/ld-bp/}}
}

@book{suarezfigueroa2012ontology,
  added-at = {2012-03-05T21:01:36.000+0100},
  address = {Berlin},
  author = {Suárez-Figueroa, Mari-Carmen and Gómez-Pérez, Asunción and Motta, Enrico and Gangemi, Aldo},
  editor = {Suárez-Figueroa, Mari-Carmen and Gómez-Pérez, Asunción and Motta, Enrico and Gangemi, Aldo},
  keywords = {networkedontologies ontologies ontologydesign ontologyeditor ontologyengineering},
  publisher = {Springer},
  timestamp = {2012-03-05T21:01:36.000+0100},
  title = {{Ontology Engineering in a Networked World}},
  year = 2012
}

@article{Lonsdale2010318,
  author = {Lonsdale, Deryle and Embley, David W. and Ding, Yihong and Xu, Li and Hepp, Martin},
  issn = {0169-023X},
  journal = {Data \& Knowledge Engineering },
  keywords = {Ontology generation},
  note = {Including Special Section: 12th International Conference on Applications of Natural Language to Information Systems (NLDB07) - Three selected and extended papers},
  number = 4,
  pages = {318 - 330},
  timestamp = {2015-01-14T21:25:14.000+0100},
  title = {{Reusing ontologies and language components for ontology generation }},
  volume = 69,
  year = 2010
}

@article{vandenbusschelov,
  title={{LOV: a gateway to reusable semantic vocabularies on the Web}},
  author={Vandenbussche, Pierre-Yves and Atemezing, Ghislain A and Poveda-Villal{\'o}nc, Mar{\'\i}a and Vatant, Bernard},
  year = {2015},
  note= {\url{http://www.semantic-web-journal.net/system/files/swj974.pdf}},
  journal= {Semantic Web Journal (under review)}
  
}

@misc{neonguide2008  ,
	author = {D'Aquin, Mathieu and  Su\'arez-Figueroa, Mari Carmen},
	title = {{A Quick Guide to Knowledge Reuse with the Watson Plugin for the NeOn Toolkit}},
	year ={2008},
	note = {\url{http://watson.kmi.open.ac.uk/DownloadsAndPublications_files/WNTP-guide.pdf}}
	
 }

@ARTICLE{d2007watson,
  author = {D'Aquin, M. and Baldassarre, C. and Gridinoc, L. and Sabou, M. and
	Angeletou, S. and Motta, E.},
  title = {{Watson: Supporting next generation semantic web applications}},
  year = {2007}
}

@ARTICLE{haase2008neon,
  author = {Haase, P. and Lewen, H. and Studer, R. and Tran, DT and Erdmann,
	M. and d'Aquin, M. and Motta, E.},
  title = {{The neon ontology engineering toolkit}},
  journal = {In WWW},
  year = {2008},
  publisher = {Citeseer}
}

@article{janowicz2014five,
  title={Five stars of linked data vocabulary use},
  author={Janowicz, Krzysztof and Hitzler, Pascal and Adams, Benjamin and Kolas, Dave and Vardeman II, Charles},
  journal={Semantic Web},
  volume={5},
  number={3},
  pages={173--176},
  year={2014},
  publisher={IOS Press}
}

@book{jimenez2008,
  title={Safe and economic re-use of ontologies: A logic-based methodology and tool support},
  author={Jim{\'e}nez-Ruiz, Ernesto and Grau, Bernardo Cuenca and Sattler, Ulrike and Schneider, Thomas and Berlanga, Rafael},
  year={2008},
  publisher={Springer}
}